@article{bellmanDynamicProgramming1966,
  title = {Dynamic Programming},
  author = {Bellman, Richard},
  year = {1966},
  month = jul,
  journal = {Science},
  volume = {153},
  number = {3731},
  pages = {34--37},
  publisher = {American Association for the Advancement of Science},
  doi = {10.1126/science.153.3731.34},
  urldate = {2023-12-25}
}

@inproceedings{bergrothSurveyLongestCommon2000,
  title = {A Survey of Longest Common Subsequence Algorithms},
  booktitle = {Proceedings Seventh International Symposium on String Processing and Information Retrieval. SPIRE 2000},
  author = {Bergroth, L. and Hakonen, H. and Raita, T.},
  year = {2000},
  month = sep,
  pages = {39--48},
  doi = {10.1109/SPIRE.2000.878178},
  urldate = {2023-12-01}
}

@article{coulsonAlgorithmsStringsTrees1998,
  title = {Algorithms on Strings, Trees and Sequences by Dan Gusfield, Cambridge University Press 1997, ISBN 0 521 58519 8, 534+xviii Pages.},
  author = {Coulson, A. F. W.},
  year = {1998},
  month = feb,
  journal = {Genetics Research},
  volume = {71},
  number = {1},
  pages = {91--95},
  publisher = {Cambridge University Press},
  issn = {1469-5073, 0016-6723},
  doi = {10.1017/S0016672398219586},
  urldate = {2023-12-24},
  langid = {english}
}

@article{crochemoreLongestCommonSubstring2017,
  title = {The Longest Common Substring Problem},
  author = {Crochemore, Maxime and Iliopoulos, Costas S. and Langiu, Alessio and Mignosi, Filippo},
  year = {2017},
  month = feb,
  journal = {Mathematical Structures in Computer Science},
  volume = {27},
  number = {2},
  pages = {277--295},
  publisher = {Cambridge University Press},
  issn = {0960-1295, 1469-8072},
  doi = {10.1017/S0960129515000110},
  urldate = {2023-12-24},
  langid = {english}
}

@article{eddyWhatDynamicProgramming2004,
  title = {What Is Dynamic Programming?},
  author = {Eddy, Sean R.},
  year = {2004},
  month = jul,
  journal = {Nature Biotechnology},
  volume = {22},
  number = {7},
  pages = {909--910},
  publisher = {Nature Publishing Group},
  issn = {1546-1696},
  doi = {10.1038/nbt0704-909},
  urldate = {2023-12-25},
  copyright = {2004 Springer Nature America, Inc.},
  langid = {english}
}

@article{goslingRedisplayAlgorithm1981,
  title = {A Redisplay Algorithm},
  author = {Gosling, James},
  year = {1981},
  month = apr,
  journal = {ACM SIGPLAN Notices},
  volume = {16},
  number = {6},
  pages = {123--129},
  issn = {0362-1340},
  doi = {10.1145/872730.806463},
  urldate = {2023-12-05}
}

@article{harelFastAlgorithmsFinding1984,
  title = {Fast Algorithms for Finding Nearest Common Ancestors},
  author = {Harel, Dov and Tarjan, Robert Endre},
  year = {1984},
  month = may,
  journal = {SIAM Journal on Computing},
  volume = {13},
  number = {2},
  pages = {338--355},
  publisher = {Society for Industrial and Applied Mathematics},
  issn = {0097-5397},
  doi = {10.1137/0213024},
  urldate = {2023-12-05}
}

@inproceedings{higoGeneratingSimplerAST2017,
  title = {Generating Simpler AST Edit Scripts by Considering Copy-and-Paste},
  booktitle = {2017 32nd IEEE/ACM International Conference on Automated Software Engineering (ASE)},
  author = {Higo, Yoshiki and Ohtani, Akio and Kusumoto, Shinji},
  year = {2017},
  month = oct,
  pages = {532--542},
  doi = {10.1109/ASE.2017.8115664},
  urldate = {2023-12-05}
}

@article{hirschbergAlgorithmsLongestCommon1977,
  title = {Algorithms for the Longest Common Subsequence Problem},
  author = {Hirschberg, Daniel S.},
  year = {1977},
  month = oct,
  journal = {Journal of the ACM},
  volume = {24},
  number = {4},
  pages = {664--675},
  issn = {0004-5411, 1557-735X},
  doi = {10.1145/322033.322044},
  urldate = {2023-12-01},
  langid = {english}
}

@article{hirschbergLinearSpaceAlgorithm1975,
  title = {A Linear Space Algorithm for Computing Maximal Common Subsequences},
  author = {Hirschberg, D. S.},
  year = {1975},
  month = jun,
  journal = {Communications of the ACM},
  volume = {18},
  number = {6},
  pages = {341--343},
  issn = {0001-0782},
  doi = {10.1145/360825.360861},
  urldate = {2023-12-05}
}

@article{howardDynamicProgramming1966,
  title = {Dynamic Programming},
  author = {Howard, Ronald A.},
  year = {1966},
  month = jan,
  journal = {Management Science},
  volume = {12},
  number = {5},
  pages = {317--348},
  publisher = {INFORMS},
  issn = {0025-1909},
  doi = {10.1287/mnsc.12.5.317},
  urldate = {2023-12-25}
}

@book{huntAlgorithmDifferentialFile1976,
  title = {An Algorithm for Differential File Comparison},
  author = {Hunt, J. W. and MacIlroy, M. D.},
  year = {1976},
  publisher = {Bell Laboratories},
  googlebooks = {zJ2LMwAACAAJ},
  langid = {english}
}

@article{jiangApproximationShortestCommon1995,
  title = {On the Approximation of Shortest Common Supersequences and Longest Common Subsequences},
  author = {Jiang, Tao and Li, Ming},
  year = {1995},
  month = oct,
  journal = {SIAM Journal on Computing},
  volume = {24},
  number = {5},
  pages = {1122--1139},
  publisher = {Society for Industrial and Applied Mathematics},
  issn = {0097-5397},
  doi = {10.1137/S009753979223842X},
  urldate = {2023-12-24}
}

@incollection{khannaFormalInvestigationDiff32007,
  title = {A Formal Investigation of Diff3},
  booktitle = {FSTTCS 2007: Foundations of Software Technology and Theoretical Computer Science},
  author = {Khanna, Sanjeev and Kunal, Keshav and Pierce, Benjamin C.},
  editor = {Hutchison, David and Kanade, Takeo and Kittler, Josef and Kleinberg, Jon M. and Mattern, Friedemann and Mitchell, John C. and Naor, Moni and Nierstrasz, Oscar and Pandu Rangan, C. and Steffen, Bernhard and Sudan, Madhu and Terzopoulos, Demetri and Tygar, Doug and Vardi, Moshe Y. and Weikum, Gerhard and Arvind, V. and Prasad, Sanjiva},
  year = {2007},
  volume = {4855},
  pages = {485--496},
  publisher = {Springer Berlin Heidelberg},
  address = {Berlin, Heidelberg},
  doi = {10.1007/978-3-540-77050-3_40},
  urldate = {2023-11-27},
  isbn = {978-3-540-77049-7 978-3-540-77050-3},
  langid = {english}
}

@misc{laiMyersDiffNaYiLiangJianShiQing2022,
  title = {Myers Diff 那一兩件事情},
  author = {Lai, Jast},
  year = {2022},
  month = dec,
  journal = {Jastzeonic},
  urldate = {2023-12-02},
  langid = {english}
}

@misc{lijuAlgorithmDeriveShortest2022,
  title = {Algorithm to Derive Shortest Edit Script Using Levenshtein Distance Algorithm},
  author = {Liju, P. Prakash Maria},
  year = {2022},
  month = aug,
  number = {arXiv:2208.08823},
  eprint = {2208.08823},
  primaryclass = {cs},
  publisher = {arXiv},
  doi = {10.48550/arXiv.2208.08823},
  urldate = {2023-12-05},
  archiveprefix = {arxiv}
}

@article{masekFasterAlgorithmComputing1980,
  title = {A Faster Algorithm Computing String Edit Distances},
  author = {Masek, William J. and Paterson, Michael S.},
  year = {1980},
  month = feb,
  journal = {Journal of Computer and System Sciences},
  volume = {20},
  number = {1},
  pages = {18--31},
  issn = {0022-0000},
  doi = {10.1016/0022-0000(80)90002-1},
  urldate = {2023-12-05}
}

@article{myersAnONDDifference1986,
  title = {AnO(ND) Difference Algorithm and Its Variations},
  author = {Myers, Eugene W.},
  year = {1986},
  month = nov,
  journal = {Algorithmica},
  volume = {1},
  number = {1},
  pages = {251--266},
  issn = {1432-0541},
  doi = {10.1007/BF01840446},
  urldate = {2023-12-01},
  langid = {english}
}

@misc{MyersDiffAlgorithm,
  title = {The Myers Diff Algorithm: Part 1 {\textendash} The If Works},
  urldate = {2023-12-02},
  howpublished = {https://blog.jcoglan.com/2017/02/12/the-myers-diff-algorithm-part-1/}
}

@misc{MyersDiffAlgorithma,
  title = {The Myers Diff Algorithm: Part 2 {\textendash} The If Works},
  urldate = {2023-12-02},
  howpublished = {https://blog.jcoglan.com/2017/02/15/the-myers-diff-algorithm-part-2/}
}

@misc{MyersDiffAlgorithmb,
  title = {The Myers Diff Algorithm: Part 3 {\textendash} The If Works},
  urldate = {2023-12-02},
  howpublished = {https://blog.jcoglan.com/2017/02/17/the-myers-diff-algorithm-part-3/}
}

@misc{MyersDifferenceAlgorithm,
  title = {The Myers Difference Algorithm},
  urldate = {2023-12-02},
  howpublished = {https://www.nathaniel.ai/myers-diff/}
}

@misc{MyersDiffLinear,
  title = {Myers Diff in Linear Space: Theory {\textendash} The If Works},
  urldate = {2023-12-02},
  howpublished = {https://blog.jcoglan.com/2017/03/22/myers-diff-in-linear-space-theory/}
}

@misc{MyersDiffLineara,
  title = {Myers Diff in Linear Space: Implementation {\textendash} The If Works},
  urldate = {2023-12-02},
  howpublished = {https://blog.jcoglan.com/2017/04/25/myers-diff-in-linear-space-implementation/}
}

@inproceedings{patersonLongestCommonSubsequences1994,
  title = {Longest Common Subsequences},
  booktitle = {Mathematical Foundations of Computer Science 1994},
  author = {Paterson, Mike and Dan{\v c}{\'i}k, Vlado},
  editor = {Pr{\'i}vara, Igor and Rovan, Branislav and Ruzi{\v c}ka, Peter},
  year = {1994},
  series = {Lecture Notes in Computer Science},
  pages = {127--142},
  publisher = {Springer},
  address = {Berlin, Heidelberg},
  doi = {10.1007/3-540-58338-6_63},
  isbn = {978-3-540-48663-3},
  langid = {english}
}

@misc{potatoi_gMyersChaiFenSuanFaKeShiHua2023,
  title = {Myers 差分算法可视化},
  author = {{potatoi\_G}},
  year = {2023},
  month = sep,
  urldate = {2023-12-02},
  copyright = {MIT}
}

@article{rochkindSourceCodeControl1975a,
  title = {The Source Code Control System},
  author = {Rochkind, Marc J.},
  year = {1975},
  month = dec,
  journal = {IEEE Transactions on Software Engineering},
  volume = {SE-1},
  number = {4},
  pages = {364--370},
  issn = {1939-3520},
  doi = {10.1109/TSE.1975.6312866},
  urldate = {2023-12-05}
}

@article{wagnerStringtoStringCorrectionProblem1974,
  title = {The String-to-String Correction Problem},
  author = {Wagner, Robert A. and Fischer, Michael J.},
  year = {1974},
  month = jan,
  journal = {Journal of the ACM},
  volume = {21},
  number = {1},
  pages = {168--173},
  issn = {0004-5411},
  doi = {10.1145/321796.321811},
  urldate = {2023-12-05}
}
